<?xml version="1.0" encoding="UTF-8"?><collection><record><leader>04437ntm a2200565 a 4500</leader><controlfield tag="001">006813674</controlfield><controlfield tag="003">MiAaHDL</controlfield><controlfield tag="005">20190719000000.0</controlfield><controlfield tag="006">m        d        </controlfield><controlfield tag="007">cr bn ---auaua</controlfield><controlfield tag="008">090606q178018uuxx            00| ||per d</controlfield><datafield tag="035" ind1=" " ind2=" "><subfield code="a">(MiU)006813674</subfield></datafield><datafield tag="035" ind1=" " ind2=" "><subfield code="a">sdr-miu006813674</subfield></datafield><datafield tag="040" ind1=" " ind2=" "><subfield code="a">MiU</subfield><subfield code="c">MiU</subfield><subfield code="e">amremm</subfield></datafield><datafield tag="043" ind1=" " ind2=" "><subfield code="a">n-us-mi</subfield></datafield><datafield tag="100" ind1="1" ind2=" "><subfield code="6">880-01</subfield><subfield code="a">Shabistarī, Maḥmūd ibn ʻAbd al-Karīm,</subfield><subfield code="d">-approximately 1320.</subfield></datafield><datafield tag="240" ind1="1" ind2="0"><subfield code="6">880-02</subfield><subfield code="a">Gulshan-i Rāz</subfield></datafield><datafield tag="245" ind1="1" ind2="0"><subfield code="6">880-03</subfield><subfield code="a">Kitāb-i Gulshan-i rāz,</subfield><subfield code="f">[late 18th or 19th century?].</subfield></datafield><datafield tag="246" ind1="3" ind2=" "><subfield code="a">كتاب كلشن راز</subfield></datafield><datafield tag="246" ind1="3" ind2=" "><subfield code="a">كلشن راز</subfield></datafield><datafield tag="260" ind1=" " ind2=" "><subfield code="c">[1780-18--?].</subfield></datafield><datafield tag="300" ind1=" " ind2=" "><subfield code="a">50 leaves :</subfield><subfield code="b">paper ;</subfield><subfield code="c">159 x 1104 (121 x 57) mm. bound to 162 x 104 mm.</subfield></datafield><datafield tag="500" ind1=" " ind2=" "><subfield code="a">Shelfmark: Ann Arbor, University of Michigan, Special Collections Library, Isl. Ms. 311</subfield></datafield><datafield tag="500" ind1=" " ind2=" "><subfield code="a">Origin: Lacks dated colophon ; paper would suggest late 18th or 19th century.</subfield></datafield><datafield tag="500" ind1=" " ind2=" "><subfield code="a">Former shelfmark: "364 T. De M. [i.e. Tammaro De Marinis]" inscribed in pencil on 'title page' (p.1).</subfield></datafield><datafield tag="500" ind1=" " ind2=" "><subfield code="a">Binding: Pasteboards covered in black leather now with tan leather over spine and edges/turn-ins (leather faced and edged framed binding formed by turned-out doublures) ; Type III binding (without flap) ; doublures in red-brown leather ; upper and lower covers carry stamped (with now green onlays) scalloped mandorla (filled with symmetrical vegetal composition) and pendants, as well as a tooled border framing central area and over edging ; sewn in light red thread, six stations incorporating primaries ; worked chevron endbands in light red and spring green, fair condition ; overall in fairly good condition with some abrasion, staining, lifting of leather, etc. though ill-fitting (too tall, etc.).</subfield></datafield><datafield tag="500" ind1=" " ind2=" "><subfield code="a">Support: non-European (likely Persian or Indian) laid paper with 11 laid lines per cm. (vertical, fairly distinct and straight) and no chain lines visible, quite crisp, thin and transluscent though sturdy, well-burnished, off-white to gray in color.</subfield></datafield><datafield tag="500" ind1=" " ind2=" "><subfield code="a">Decoration: Written area surrounded by frame consisting of red, turquoise, and gold bands with outermost blue rule, columns within and outer margin defined by narrow gold bands outlined by black fillets ; section headings rubricated.</subfield></datafield><datafield tag="500" ind1=" " ind2=" "><subfield code="a">Script: Shikastah (shikastah-nastaʻlīq / شكسته نستعليق ) ; elegant hand ; freely ligatured, with effect of words descending to baseline, elongated ’horizontal’ strokes, etc.</subfield></datafield><datafield tag="500" ind1=" " ind2=" "><subfield code="a">Layout: Written in 21 lines per page, with written area mainly divided to two columns ; frame-ruled.</subfield></datafield><datafield tag="500" ind1=" " ind2=" "><subfield code="a">Collation: 6 IV(48), I (50) ; quaternions followed by a single bifolium ; pagination in pencil, Western numerals, supplied during digitization.</subfield></datafield><datafield tag="500" ind1=" " ind2=" "><subfield code="a">Explicit: "بنام خویش کردم ختم پایان الهی عاقبت محمود گردان پند ... به کس مپسند آنچت نیست درخور مسلمانی همین است ای برادر م م م م م م م م م م م م م"</subfield></datafield><datafield tag="500" ind1=" " ind2=" "><subfield code="a">Incipit: "بنام آنكه جان را فكرت آموخت چراغ دل بنور حكمت افروخت ..."</subfield></datafield><datafield tag="500" ind1=" " ind2=" "><subfield code="a">Title from inscription on 'title page' (p.1).</subfield></datafield><datafield tag="500" ind1=" " ind2=" "><subfield code="a">Ms. codex.</subfield></datafield><datafield tag="510" ind1="4" ind2=" "><subfield code="a">Cat. Pers. MSS. Brit. Mus.,</subfield><subfield code="c">p.608 f.</subfield></datafield><datafield tag="520" ind1="8" ind2=" "><subfield code="a">Fine copy of the Gulshān-i Rāz, the well-known Ṣūfī mas̲navī of Maḥmūd ibn ʻAbd al-Karīm ibn Yaḥyā al-Shabistarī (d. ca. 1320).</subfield></datafield><datafield tag="538" ind1=" " ind2=" "><subfield code="a">Mode of access: Internet.</subfield></datafield><datafield tag="541" ind1=" " ind2=" "><subfield code="c">Purchase ;</subfield><subfield code="a">Acquired by purchase (funds donated by Horace Rackham).</subfield><subfield code="d">1924.</subfield></datafield><datafield tag="546" ind1=" " ind2=" "><subfield code="a">Persian.</subfield></datafield><datafield tag="561" ind1=" " ind2=" "><subfield code="a">Inscription in pencil on 'title page' (p.1) "364 T. De M. [i.e. Tammaro De Marinis]" ; partially effaced inscription on verso of final leaf (p.100) ; relatively clean copy.</subfield></datafield><datafield tag="650" ind1=" " ind2="0"><subfield code="a">Manuscripts, Persian</subfield><subfield code="z">Michigan</subfield><subfield code="z">Ann Arbor.</subfield></datafield><datafield tag="650" ind1=" " ind2="0"><subfield code="a">Masnavis, Persian</subfield><subfield code="v">Early works to 1800.</subfield></datafield><datafield tag="650" ind1=" " ind2="0"><subfield code="a">Persian poetry</subfield><subfield code="y">747-1500.</subfield></datafield><datafield tag="650" ind1=" " ind2="0"><subfield code="a">Sufi poetry, Persian</subfield><subfield code="v">Early works to 1800.</subfield></datafield><datafield tag="700" ind1="0" ind2=" "><subfield code="a">Abdülhamid</subfield><subfield code="b">II,</subfield><subfield code="c">Sultan of the Turks,</subfield><subfield code="d">1842-1918,</subfield><subfield code="e">former owner.</subfield></datafield><datafield tag="773" ind1="0" ind2=" "><subfield code="a">Abdul Hamid Collection.</subfield></datafield><datafield tag="880" ind1="1" ind2="0"><subfield code="6">245-03/</subfield><subfield code="a">کتاب گلشن راز</subfield><subfield code="f">[پایان قرن 18 یا قرن 19م؟].</subfield></datafield><datafield tag="880" ind1="1" ind2="0"><subfield code="6">240-02/</subfield><subfield code="a">گلشن راز</subfield></datafield><datafield tag="880" ind1="1" ind2=" "><subfield code="6">100-01/</subfield><subfield code="a">شبسترى, محمود بن عبد الكريم.</subfield></datafield><datafield tag="CID" ind1=" " ind2=" "><subfield code="a">006813674</subfield></datafield><datafield tag="DAT" ind1="0" ind2=" "><subfield code="a">20190719102638.0</subfield><subfield code="b">20190719000000.0</subfield></datafield><datafield tag="DAT" ind1="1" ind2=" "><subfield code="a">20190719090653.0</subfield><subfield code="b">2019-07-19T16:11:53Z</subfield></datafield><datafield tag="DAT" ind1="2" ind2=" "><subfield code="a">2015-10-10T18:00:06Z</subfield><subfield code="b">2014-04-23T20:00:03Z</subfield></datafield><datafield tag="CAT" ind1=" " ind2=" "><subfield code="a">SDR-MIU</subfield><subfield code="d">EX LIBRIS - ALEPH</subfield><subfield code="l">prepare.pl-004-008</subfield></datafield><datafield tag="FMT" ind1=" " ind2=" "><subfield code="a">BK</subfield></datafield><datafield tag="HOL" ind1=" " ind2=" "><subfield code="0">sdr-miu006813674</subfield><subfield code="a">MiU</subfield><subfield code="b">SDR</subfield><subfield code="c">MIU</subfield><subfield code="p">mdp.39015079128560</subfield><subfield code="s">MIU</subfield><subfield code="1">006813674</subfield></datafield><datafield tag="974" ind1=" " ind2=" "><subfield code="b">MIU</subfield><subfield code="c">MIU</subfield><subfield code="d">20190719</subfield><subfield code="s">lit-dlps-dc</subfield><subfield code="u">mdp.39015079128560</subfield><subfield code="y">1899</subfield><subfield code="r">pd</subfield><subfield code="q">add</subfield></datafield></record></collection>